%
% BibTex Database
% ===========================================================================
% This is part of the document "Project documentation template".
% Authors: brd3
%
@booklet{projekt2Doc,
  title = {Requirements of Elephant Search – A semantic search engine for children},
  author = {Sven Osterwalder, Mira Günzburger},
  year = {2014},
  institution = {BFH},
}
@booklet{Aufgabenstellung,
  title = {Aufgabenstellung Bachelorthesis},
  author = {Dr. Jürgen Eckerle},
  year = {2014},
  institution = {BFH},
}


@book{russel,
  author = "S. J. Russell and P. Norvig",
  publisher = {Prentice Hall},
  title = {Artificial Intelligence: A Modern Approach},
  year = {2009},
  edition = {3rd}
}

@misc{w3sparql_querylang,
  author = {Harris, Seaborne},
  title = {SPARQL 1.1 Query Language},
  day = 10,
  month = oct,
  year = {2014},
  url = {http://www.w3.org/TR/sparql11-query/}
}

@misc{w3sparql_overview,
    author = "W3C SPARQL Working group",
    title = "SPARQL 1.1 Overview",
    day = 18,
    month = oct,
    year = "2014",
    url = "http://www.w3.org/TR/2013/REC-sparql11-overview-20130321/"
}

@misc{w3rdf_syntax,
    author = "Beckett",
    title = "RDF/XML Syntax Specification (Revised)",
    day = 19,
    month = oct,
    year = "2014",
    url = "http://www.w3.org/TR/REC-rdf-syntax/"
}

@misc{w3rdf,
  author = {Schreiber, Raimond},
  title = {RDF 1.1 Primer},
  day = 10,
  month = oct,
  year = {2014},
  url = {http://www.w3.org/TR/2014/NOTE-rdf11-primer-20140624/}
}
@misc{cambSemRDF,
  author = {Gonzales},
  title = {Cambridge Semantics: RDF 101},
  day = 10,
  month = oct,
  year = {2014},
  url = {http://www.cambridgesemantics.com/semantic-university/rdf-101}
}

@misc{w3inference,
    author = "World Wide Web Consortium",
    title  = "INFERENCE",
    day    = 17,
    month  = oct,
    year   = {2014},
    url    = {http://www.w3.org/standards/semanticweb/inference}
}

@misc{cambSemOWL,
  author = {Tester},
  title = {Cambridge Semantics: OWL 101},
  day = 10,
  month = oct,
  year = {2014},
  url = {http://www.cambridgesemantics.com/semantic-university/owl-101}
}
