%
% BibTex Database
% ===========================================================================
% This is part of the document "Project documentation template".
% Authors: brd3
%
@booklet{projekt2Doc,
  title = {Requirements of Elephant Search – A semantic search engine for children},
  author = {Sven Osterwalder, Mira Günzburger},
  year = {2014},
  institution = {BFH},
}
@booklet{Aufgabenstellung,
  title = {Aufgabenstellung Bachelorthesis},
  author = {Dr. Jürgen Eckerle},
  year = {2014},
  institution = {BFH},
}

@book{kopka:band1,
	author = {Helmut Kopka},
	title = {\LaTeX, Band 1: Eine Einführung},
	publisher = {Pearson Studium},
	journal = {Operations Research},
	volume = {3},
	year = {2002},
	isbn = {3827370388}
}

@booklet{raichle:bibtex_programmierung,
  title = {Einführung in die {BibTeX}-{P}rogrammierung},
  author = {Bernd Raichle},
  year = {2002},
  institution = {DANTE},
  url = {http://www.dante.de/dante/events/dante2002/handouts/raichle-bibtexprog.pdf}
}

@misc{MiKTeX,
  author = {Christian Schenk},
  title = {{MiKTeX Project Page}},
  url = {http://www.miktex.org/},
}

@misc{KOMA,
  title = {{KOMAScript} documentation project},
  url = {http://koma-script.net.tf},
  key = {KOMA}
}

@misc{TeXnicCenter,
  author = {Sven Wiegand},
  title = {{TeXnicCenter}},
  url = {http://www.TeXnicCenter.org/},
}

@booklet{Marti06,
		author = {Fausi Marti},
		title = {Schreiben über {T}echnik -- {R}edaktion und {G}estaltung von technischen {B}erichten und anderen technikbezogenen {T}exten},
		publisher = {Fausi Marti -- BFH},
		year = {2006},
		organization = {Berner Fachhochschule}
}

@booklet{Erbsland08,
    author = {Tobias Erbsland and Andreas Nitsch},
    title = {Diplomarbeit mit {LaTeX}},
    volume = {1.12},
    year = {2008},
    url = {http://drzoom.ch/project/dml/},
}

@booklet{juergens:einfuehrung,
    author = {Manuela Jürgens},
    title = {LaTeX -- eine {E}inführung und ein bisschen mehr...},
    year = {2000},
    url = {http://www.fernuni-hagen.de/zmi/katalog/A026.shtml},
}

@booklet{juergens:fortgeschritten,
    author = {Manuela Jürgens},
    title = {LaTeX -- {F}ortgeschrittene {A}nwendungen},
    year = {1995},
    url = {http://www.fernuni-hagen.de/zmi/katalog/A027.shtml},
}

@misc{stanbol:enhancementchain,
  title = {Apache Stanbol Enhancement Chain},
  url = {http://stanbol.apache.org/docs/trunk/components/enhancer/chains/}
}

@misc{stanbol:enhancementgraph,
  title = {Apache Stanbol Enhancement Graph},
  url = {https://stanbol.apache.org/docs/trunk/components/enhancer/enhancementstructure.png}
}

@booklet{sirin:pellet05,
    author = {Evren Sirin and Bijan Parsia and Bernardo Cuenca Grau and Aditya Kalyanpur and Yarden Katz},
    title = {Pellet: A Practical OWL-DL Reasoner},
    year = {2005},
    institution = {University of Maryland, University of Valencia}
}

@book{dl:baader2003,
 editor = {Baader, Franz and Calvanese, Diego and McGuinness, Deborah L. and Nardi, Daniele and Patel-Schneider, Peter F.},
 title = {The Description Logic Handbook: Theory, Implementation, and Applications},
 year = {2003},
 isbn = {0-521-78176-0},
 publisher = {Cambridge University Press},
 address = {New York, NY, USA},
} 

@booklet{horrocks2002,
    author = {Ian Horrocks and Ulrike Sattler},
    title = {Reasoning with Expressive Description Logics: Logical Foundations for the Semantic Web},
    year = {2002},
    institution = {University of Manchester}
}

@booklet{horrocks2005,
    author = {Ian Horrocks and Ulrike Sattler},
    title = {A Tableaux Decision Procedure of SHOIQ},
    year = {2005},
    institution = {University of Manchester}
}
